
@article{mosfirepaper,
	author = {McLean, I. S. and Steidel, C. C. and Matthews, K. and Epps, H. and Adkins, S. M.},
	title = "{MOSFIRE: a multi-object near-infrared spectrograph and wide-field camera for the Keck Observatory}",
	journal = "{SPIE conference}",
	year = {2008},
	note = "{MOSFIRE: a multi-object near-infrared spectrograph and wide-field camera for the Keck Observatory}",
}

@InProceedings{nirspecpaper,
	BookTitle = {Proceedings of SPIE, Volume 3354},
	author = {McLean, Ian S.},
	note = "{Design and development of NIRSPEC: a near-infrared echelle spectrograph for the Keck II telescope}",
	pages = {566},
	year = {1998},
	doi = {10.1117/12.317283},
}

@misc{geminibackground,
	title = "{Observing Condition Constraints: Sky Background}",
	howpublished  = "\url{http://www.gemini.edu/sciops/telescopes-and-sites/observing-condition-constraints/sky-background}"
}

@misc{codepage,
	title = "{MOSFIRE Data Reduction Pipeline --- project page}",
	howpublished = "\url{http://code.google.com/p/mosfire/}"
}

@InProceedings{mobie,
	BookTitle = {Proceedings of the SPIE, Vol 7014},
	author = {Bernstein, Rebecca A. and Bigelow, Bruce C.},
	note = "{An optical design for a wide-field optical spectrograph for TMT}",
	year = {2008},
	doi = {10.1117/12.787297},
}

@Article{lris,
	author = {Oke, J. B. and Cohen, J. G. and Carr, M. and Cromer, J. and Dingizian, A. and Harris, F. H. and Labrecque, S. and Lucinio, R. and Schaal, W. and Epps, H. and Miller, J.},
	note = "{The Keck Low-Resolution Imaging Spectrometer}",
	journal = {Publications of the Astronomical Society of the Pacific},
	volume = {107},
	pages = {375},
	year = {1995},
	doi = {10.1086/133562},
}

@article{surfreport,
	author = {Lasenby, Robert},
	title = "{Design and Implementation of Data Reduction Pipeline Software for the MOSFIRE Near-Infrared Spectrometer}",
	year = {2009},
	note = "SURF final report: included in distribution as {\tt doc/report.pdf}",
}
